@inproceedings{kim2006memories,
  title={Memories of bug fixes},
  author={Kim, Sunghun and Pan, Kai and Whitehead Jr, EE},
  booktitle={Proceedings of the 14th ACM SIGSOFT international symposium on Foundations of software engineering},
  pages={35--45},
  year={2006},
  organization={ACM}
}

@inproceedings{nguyen2010recurring,
  title={Recurring bug fixes in object-oriented programs},
  author={Nguyen, Tung Thanh and Nguyen, Hoan Anh and Pham, Nam H and Al-Kofahi, Jafar and Nguyen, Tien N},
  booktitle={Proceedings of the 32nd ACM/IEEE International Conference on Software Engineering-Volume 1},
  pages={315--324},
  year={2010},
  organization={ACM}
}

@book{dodge2006oxford,
  title={The Oxford dictionary of statistical terms},
  author={Dodge, Yadolah},
  year={2006},
  publisher={Oxford University Press}
}

@inproceedings{pelleg2000x,
  title={X-means: Extending K-means with Efficient Estimation of the Number of Clusters.},
  author={Pelleg, Dan and Moore, Andrew W and others},
  booktitle={ICML},
  pages={727--734},
  year={2000}
}

@article{platt1999fast,
  title={Fast training of support vector machines using sequential minimal optimization},
  author={Platt, John and others},
  journal={Advances in kernel methodsâ€•support vector learning},
  volume={3},
  year={1999},
  publisher={Cambridge, MA}
}

@article{jain2011min,
  title={Min max normalization based data perturbation method for privacy protection},
  author={Jain, Y Kumar and Bhandare, Santosh Kumar},
  journal={International Journal of Computer \& Communication Technology (IJCCT)},
  volume={2},
  number={8},
  pages={45--50},
  year={2011}
}

@inproceedings{yang2011finding,
  title={Finding and understanding bugs in C compilers},
  author={Yang, Xuejun and Chen, Yang and Eide, Eric and Regehr, John},
  booktitle={ACM SIGPLAN Notices},
  volume={46},
  number={6},
  pages={283--294},
  year={2011},
  organization={ACM}
}

@inproceedings{le2014compiler,
  title={Compiler validation via equivalence modulo inputs},
  author={Le, Vu and Afshari, Mehrdad and Su, Zhendong},
  booktitle={ACM SIGPLAN Notices},
  volume={49},
  number={6},
  pages={216--226},
  year={2014},
  organization={ACM}
}

@inproceedings{cadar2008klee,
  title={KLEE: Unassisted and Automatic Generation of High-Coverage Tests for Complex Systems Programs.},
  author={Cadar, Cristian and Dunbar, Daniel and Engler, Dawson R},
  booktitle={OSDI},
  volume={8},
  pages={209--224},
  year={2008}
}

@book{sen2005cute,
  title={CUTE: a concolic unit testing engine for C},
  author={Sen, Koushik and Marinov, Darko and Agha, Gul},
  volume={30},
  number={5},
  year={2005},
  publisher={ACM}
}

@incollection{chen2005adaptive,
  title={Adaptive random testing},
  author={Chen, Tsong Yueh and Leung, Hing and Mak, IK},
  booktitle={Advances in Computer Science-ASIAN 2004. Higher-Level Decision Making},
  pages={320--329},
  year={2005},
  publisher={Springer}
}

@inproceedings{jiang2009adaptive,
  title={Adaptive random test case prioritization},
  author={Jiang, Bo and Zhang, Zhenyu and Chan, Wing Kwong and Tse, TH},
  booktitle={Automated Software Engineering, 2009. ASE'09. 24th IEEE/ACM International Conference on},
  pages={233--244},
  year={2009},
  organization={IEEE}
}

@inproceedings{zhang2013bridging,
  title={Bridging the gap between the total and additional test-case prioritization strategies},
  author={Zhang, Lingming and Hao, Dan and Zhang, Lu and Rothermel, Gregg and Mei, Hong},
  booktitle={Software Engineering (ICSE), 2013 35th International Conference on},
  pages={192--201},
  year={2013},
  organization={IEEE}
}

@inproceedings{rothermel1999test,
  title={Test case prioritization: An empirical study},
  author={Rothermel, Gregg and Untch, Roland H and Chu, Chengyun and Harrold, Mary Jean},
  booktitle={Software Maintenance, 1999.(ICSM'99) Proceedings. IEEE International Conference on},
  pages={179--188},
  year={1999},
  organization={IEEE}
}

@inproceedings{kausler2014evaluation,
  title={Evaluation of string constraint solvers in the context of symbolic execution},
  author={Kausler, Scott and Sherman, Elena},
  booktitle={Proceedings of the 29th ACM/IEEE international conference on Automated software engineering},
  pages={259--270},
  year={2014},
  organization={ACM}
}

@article{mckeeman1998differential,
  title={Differential testing for software},
  author={McKeeman, William M},
  journal={Digital Technical Journal},
  volume={10},
  number={1},
  pages={100--107},
  year={1998}
}


@article{demillo1978hints,
  title={Hints on test data selection: Help for the practicing programmer},
  author={DeMillo, Richard A and Lipton, Richard J and Sayward, Frederick G},
  journal={Computer},
  number={4},
  volume={11},
  pages={34--41},
  year={1978},
  publisher={IEEE}
}

@article{hamlet1977testing,
  title={Testing programs with the aid of a compiler},
  author={Hamlet, Richard G},
  journal={Software Engineering, IEEE Transactions on},
  number={4},
  volume={SE-3},
  pages={279--290},
  year={1977},
  publisher={IEEE}
}

@article{jia2011analysis,
  title={An analysis and survey of the development of mutation testing},
  author={Jia, Yue and Harman, Mark},
  journal={Software Engineering, IEEE Transactions on},
  volume={37},
  number={5},
  pages={649--678},
  year={2011},
  publisher={IEEE}
}

@inproceedings{Andrews:05,
  title = {Is mutation an appropriate tool for testing experiments?}, 
  author = {J. H. Andrews and L. C. Briand and Y. Labiche},
  booktitle = {Proc. ICSE},
  year = {2005},
  pages = {402-411}
}

@inproceedings{zhang2010operator,
  title={Is operator-based mutant selection superior to random mutant selection?},
  author={Zhang, Lu and Hou, Shan-Shan and Hu, Jun-Jue and Xie, Tao and Mei, Hong},
  booktitle = {Proc. ICSE},
  pages={435--444},
  year={2010},
}

@phdthesis{wong1993mutation,
  title={On mutation and data flow},
  author={Wong, Weichen Eric},
  year={1993},
  school={Purdue University}
}

@article{wong1995reducing,
  title={Reducing the cost of mutation testing: An empirical study},
  author={Wong, W Eric and Mathur, Aditya P},
  journal={Journal of Systems and Software},
  volume={31},
  number={3},
  pages={185--196},
  year={1995},
}

@inproceedings{siami2008sufficient,
  title={Sufficient mutation operators for measuring test effectiveness},
  author={Siami Namin, Akbar and Andrews, James H and Murdoch, Duncan J},
  booktitle={Proc. ICSE},
  pages={351--360},
  year={2008},
}

@inproceedings{zhang2013operator,
  title={Operator-based and random mutant selection: Better together},
  author={Zhang, Lingming and Gligoric, Milos and Marinov, Darko and Khurshid, Sarfraz},
  booktitle={Proc. ASE},
  pages={92--102},
  year={2013},
}

@inproceedings{mathur1991performance,
  title={Performance, effectiveness, and reliability issues in software testing},
  author={Mathur, Aditya P},
  booktitle={Proc. COMPSAC},
  pages={604--605},
  year={1991},
}

@inproceedings{offutt1993experimental,
  title={An experimental evaluation of selective mutation},
  author={Offutt, A Jefferson and Rothermel, Gregg and Zapf, Christian},
  booktitle={Proc. ICSE},
  pages={100--107},
  year={1993},
}

@inproceedings{adamopoulos2004overcome,
  title={How to overcome the equivalent mutant problem and achieve tailored selective mutation using co-evolution},
  author={Adamopoulos, Konstantinos and Harman, Mark and Hierons, Robert M},
  booktitle={Proc. GECCO},
  pages={1338--1349},
  year={2004},
}

@article{mresa1999efficiency,
  title={Efficiency of mutation operators and selective mutation strategies: An empirical study},
  author={Mresa, Elfurjani S and Bottaci, Leonardo},
  journal={Software: Testing, Verification and Reliability},
  volume=9,
  number=4,
  pages={205--232},
  year=1999,
}



@inproceedings{zhang2010test,
  title={Test generation via dynamic symbolic execution for mutation testing},
  author={Zhang, Lingming and Xie, Tao and Zhang, Lu and Tillmann, Nikolai and De Halleux, Jonathan and Mei, Hong},
  booktitle={Proc. ICSM},
  pages={1--10},
  year={2010},
}

@article{fraser2012mutation,
  title={Mutation-driven generation of unit tests and oracles},
  author={Fraser, Gordon and Zeller, Andreas},
  journal={IEEE Transactions on Software Engineering},
  volume={38},
  number={2},
  pages={278--292},
  year={2012},
}

@inproceedings{papadakis2010towards,
  title={Towards automating the generation of mutation tests},
  author={Papadakis, Mike and Malevris, Nicos and Kallia, Maria},
  booktitle={Proc. AST},
  pages={111--118},
  year={2010},
}

@inproceedings{harman2011strong,
  title={Strong higher order mutation-based test data generation},
  author={Harman, Mark and Jia, Yue and Langdon, William B},
  booktitle={Proc. FSE},
  pages={212--222},
  year={2011},
}

@article{do2006use,
  title={On the use of mutation faults in empirical assessments of test case prioritization techniques},
  author={Do, Hyunsook and Rothermel, Gregg},
  journal={IEEE Transactions on Software Engineering},
  volume={32},
  number={9},
  pages={733--752},
  year={2006},
}

@inproceedings{zhang2013injecting,
  title={Injecting mechanical faults to localize developer faults for evolving software},
  author={Zhang, Lingming and Zhang, Lu and Khurshid, Sarfraz},
  booktitle={Proc. OOPSLA},
  pages={765--784},
  year={2013},
}

@inproceedings{hao2012demand,
  title={On-demand test suite reduction},
  author={Hao, Dan and Zhang, Lu and Wu, Xingxia and Mei, Hong and Rothermel, Gregg},
  booktitle={Proc. ICSE},
  pages={738--748},
  year={2012},
}

@incollection{staats2012danger,
  title={On the danger of coverage directed test case generation},
  author={Staats, Matt and Gay, Gregory and Whalen, Michael and Heimdahl, Mats},
  booktitle={Proc. FASE},
  pages={409--424},
  year={2012},
}

@incollection{wong1995mutation,
  title={Mutation versus all-uses: An empirical evaluation of cost, strength and effectiveness},
  author={Wong, W Eric and Mathur, Aditya P and Maldonado, Jos{\'e} C},
  booktitle={Software Quality and Productivity},
  pages={258--265},
  year={1995},
}

@inproceedings{choi1989mothra,
  title={The Mothra tool set (software testing)},
  author={Choi, BJ and DeMillo, Richard A and Krauser, Edward W and Martin, RJ and Mathur, AP and Offutt, A Jefferson and Pan, Hsin and Spafford, Eugene H},
  booktitle={Proc. ICSS},
  pages={275--284},
  year={1989},
}

@article{offutt1996experimental,
  title={An experimental determination of sufficient mutant operators},
  author={Offutt, A Jefferson and Lee, Ammei and Rothermel, Gregg and Untch, Roland H and Zapf, Christian},
  journal={ACM Transactions on Software Engineering and Methodology},
  volume={5},
  number={2},
  pages={99--118},
  year={1996},
}

@article{barbosa2001toward,
  title={Toward the determination of sufficient mutant operators for Câ€ },
  author={Barbosa, Ellen Francine and Maldonado, Jos{\'e} Carlos and Vincenzi, Auri Marcelo Rizzo},
  journal={Software: Testing, Verification and Reliability},
  volume={11},
  number={2},
  pages={113--136},
  year={2001},
}

@inproceedings{gligoric2013selective,
  title={Selective mutation testing for concurrent code},
  author={Gligoric, Milos and Zhang, Lingming and Pereira, Cristiano and Pokam, Gilles},
  booktitle={Proc. ISSTA},
  pages={224--234},
  year={2013},
}

@techreport{acree1979mutation,
  title={Mutation Analysis.},
  author={Acree, Allen T and Budd, Timothy A and DeMillo, Richard A and Lipton, Richard J and Sayward, Frederick G},
  year={1979},
  institution={Georgia Institute of Technology}
}

@article{howden1982weak,
  title={Weak mutation testing and completeness of test sets},
  author={Howden, William E.},
  journal={IEEE Transactions on Software Engineering},
  number={4},
  volume={SE-8},
  pages={371--379},
  year={1982},
  publisher={IEEE}
}

@inproceedings{woodward1988weak,
  title={From weak to strong, dead or alive? an analysis of some mutation testing issues},
  author={Woodward, MR and Halewood, K},
  booktitle={Proc. STVA},
  pages={152--158},
  year={1988},
}

@article{offutt1994empirical,
  title={An empirical evaluation of weak mutation},
  author={Offutt, A Jefferson and Lee, Stephen D},
  journal={IEEE Transactions on Software Engineering},
  volume={20},
  number={5},
  pages={337--344},
  year={1994},
}

@inproceedings{demillo1991compiler,
  title={Compiler-integrated program mutation},
  author={DeMillo, Richard A and Krauser, Edward W and Mathur, Aditya P},
  booktitle={Proc. COMPSAC},
  pages={351--356},
  year={1991},
}

@inproceedings{untch1993mutation,
  title={Mutation analysis using mutant schemata},
  author={Untch, Roland H and Offutt, A Jefferson and Harrold, Mary Jean},
  booktitle={Proc. ISSTA},
  pages={139--148},
  year={1993},
}

@article{krauser1991high,
  title={High performance software testing on SIMD machines},
  author={Krauser, Edward W. and Mathur, Aditya P. and Rego, Vernon J},
  journal={IEEE Transactions on Software Engineering},
  volume={17},
  number={5},
  pages={403--423},
  year={1991},
}

@inproceedings{offutt1992mutation,
  title={Mutation testing of software using a MIMD computer},
  author={Offutt, A Jefferson and Pargas, Roy P and Fichter, Scott V and Khambekar, Prashant K},
  booktitle={Proc. ICPP},
  year={1992},
}

@inproceedings{zhang2012regression,
  title={Regression mutation testing},
  author={Zhang, Lingming and Marinov, Darko and Zhang, Lu and Khurshid, Sarfraz},
  booktitle={Proc. ISSTA},
  pages={331--341},
  year={2012},
}

@inproceedings{zhang2013faster,
  title={Faster mutation testing inspired by test prioritization and reduction},
  author={Zhang, Lingming and Marinov, Darko and Khurshid, Sarfraz},
  booktitle={Proc. ISSTA},
  pages={235--245},
  year={2013},
}

@article{demilli1991constraint,
  title={Constraint-based automatic test data generation},
  author={DeMilli, RA and Offutt, A. Jefferson},
  journal={IEEE Transactions on Software Engineering},
  volume={17},
  number={9},
  pages={900--910},
  year={1991},
}

@article{chen2013web,
  title={A Web services vulnerability testing approach based on combinatorial mutation and SOAP message mutation},
  author={Chen, Jinfu and Li, Qing and Mao, Chengying and Towey, Dave and Zhan, Yongzhao and Wang, Huanhuan},
  journal={Service Oriented Computing and Applications},
  pages={1--13},
  year={2013},
}

@book{CurveFitting,
   title={Curve fitting for programmable calculators},
   author={William M Kolb },
   publisher={Syntec, Incorporated},
   year={1984},
}

@book{seber2012linear,
  title={Linear regression analysis},
  author={Seber, George AF and Lee, Alan J},
  volume={936},
  year={2012},
}

@article{mei2012static,
  title={A static approach to prioritizing JUnit test cases},
  author={Mei, Hong and Hao, Dan and Zhang, Lingming and Zhang, Lu and Zhou, Ji and Rothermel, Gregg},
  journal={IEEE Transactions on Software Engineering},
  volume={38},
  number={6},
  pages={1258--1275},
  year={2012},
}

@incollection{hao2013bug,
  title={Is this a bug or an obsolete test?},
  author={Hao, Dan and Lan, Tian and Zhang, Hongyu and Guo, Chao and Zhang, Lu},
  booktitle={Proc. ECOOP},
  pages={602--628},
  year={2013},
}

@inproceedings{zhang2013bridging,
  title={Bridging the gap between the total and additional test-case prioritization strategies},
  author={Zhang, Lingming and Hao, Dan and Zhang, Lu and Rothermel, Gregg and Mei, Hong},
  booktitle={Proc. ICSE},
  pages={192--201},
  year={2013},
}

@Inproceedings{LiuGSLZS06,
  author = {Liu, MingHao and Gao, You-Feng and Shan, Jinhui and Liu, Jiang-Hong and Zhang, Lu and Sun, Jiasu},
  title = {An Approach to Test Data Generation for Killing Multiple Mutants},
  year = 2006,
  booktitle = {ICSM},
  pages = {113-122},
}


@Inproceedings{ZhangXZTHM10,
  author = {Zhang, Lingming and Xie, Tao and Zhang, Lu and Tillmann, Nikolai and Halleux, Jonathan de and Mei, Hong},
  title = {Test generation via Dynamic Symbolic Execution for mutation testing},
  year = {2010},
  booktitle = {ICSM},
  pages = {1-10},
}

@book{CurveFitting,
   title={Curve fitting for programmable calculators},
   author={William M Kolb },
   publisher={Syntec, Incorporated},
   year={1984},
}

@Inproceedings{JiangHSZX05,
  author = {Jiang, Ying and Hou, Shan-Shan and Shan, Jinhui and Zhang, Lu and Xie, Bing},
  title = {Contract-Based Mutation for Testing Components},
  year = {2005},
  booktitle = {ICSM},
  pages = {483-492},
}


@Article{JiangHSZX08,
  author = {Jiang, Ying and Hou, Shan-Shan and Shan, Jinhui and Zhang, Lu and Xie, Bing},
  title = {An Approach to Testing Black-Box Components Using Contract-Based Mutation},
  year = {2008},
  journal = {International Journal of Software Engineering and Knowledge Engineering},
  volume = {18},
  number = {1},
  pages = {93-117}
}


@Inproceedings{HouZXMS07,
  author = {Hou, Shan-Shan and Zhang, Lu and Xie, Tao and Mei, Hong and Sun, Jiasu},
  title = {Applying Interface-Contract Mutation in Regression Testing of Component-Based Software},
  year = {2007},
  booktitle = {ICSM},
  pages = {174-183},
}

@Article{JCST,
  author = { Xu, Shiyi and Frank,Tukwasibwe Justaf },
  title = {Forecasting the efficiency of test generation algorithms for combinational circuits},
  year = {2000},
  journal = {Journal of Computer Science and Technology},
  volume = {15},
  number = {4},
  pages = {326-337}
}

@Article{JCST2,
  author = {Hao,Dan and Zhang, Lu and Liu,Minghao and Li, He and Sun, Jiasu },
  title = {Test-Data Generation Guided by Static Defect Detection},
  year = {2009},
  journal = {Journal of Computer Science and Technology},
  volume = {24},
  number = {2},
  pages = {284-293}
}

@article{zhange2014mpirical,
  title={An Empirical Study on the Scalability of Selective Mutation Testing},
  author={Zhang, Jie and Zhu, Muyao and Hao, Dan and Zhang, Lu},
  year = {2014},
  booktitle = {Proc. ISSRE},
  pages = {277-287},
}



@inproceedings{papadakis2012using,
  title={Using mutants to locate" unknown" faults},
  author={Papadakis, Mike and Le Traon, Yves},
  booktitle={ICST},
  pages={691--700},
  year={2012},
}

@inproceedings{moon2014ask,
  title={Ask the mutants: Mutating faulty programs for fault localization},
  author={Moon, Seokhyeon and Kim, Yunho and Kim, Moonzoo and Yoo, Shin},
  booktitle={ICST},
  pages={153--162},
  year={2014},
}

@inproceedings{GenProg,
 author = {Weimer, Westley and Nguyen, ThanhVu and Le Goues, Claire and Forrest, Stephanie},
 title = {Automatically finding patches using genetic programming},
 booktitle = {ICSE '09},
 year = {2009},
 pages = {364--374},
}

@inproceedings{Jin11,
 author = {Jin, Guoliang and Song, Linhai and Zhang, Wei and Lu, Shan and Liblit, Ben},
 title = {Automated atomicity-violation fixing},
 booktitle = {PLDI '11},
 year = {2011},
 pages = {389--400},
}

@inproceedings{Jin12,
 author = {Jin, Guoliang and Zhang, Wei and Deng, Dongdong and Liblit, Ben and Lu, Shan},
 title = {Automated concurrency-bug fixing},
 booktitle = {OSDI'12},
 year = {2012},
 pages = {221--236},
}

@inproceedings{ReallyFix,
 author = {Gu, Zhongxian and Barr, Earl T. and Hamilton, David J. and Su, Zhendong},
 title = {Has the bug really been fixed?},
 booktitle = {ICSE '10},
 year = {2010},
 pages = {55--64},
}

@INPROCEEDINGS{Fischer,
author={Fischer, B. and Saabas, A. and Uustalu, T.},
title={Program Repair as Sound Optimization of Broken Programs},
booktitle={TASE 2009},
year={2009},
pages={165-173},
}

@inproceedings{PAR,
 author = {Kim, Dongsun and Nam, Jaechang and Song, Jaewoo and Kim, Sunghun},
 title = {Automatic patch generation learned from human-written patches},
 booktitle = {ICSE '13},
 year = {2013},
 pages = {802--811},
}

@inproceedings{RecurringFix,
 author = {Nguyen, Tung Thanh and Nguyen, Hoan Anh and Pham, Nam H. and Al-Kofahi, Jafar and Nguyen, Tien N.},
 title = {Recurring Bug Fixes in Object-oriented Programs},
 booktitle = {Proceedings of the 32Nd ACM/IEEE International Conference on Software Engineering - Volume 1},
 series = {ICSE '10},
 year = {2010},
 pages = {315--324},
}

@inproceedings{RecurringStudy,
 author = {Kim, Sunghun and Pan, Kai and Whitehead,Jr., E. E. James},
 title = {Memories of Bug Fixes},
 booktitle = {Proceedings of the 14th ACM SIGSOFT International Symposium on Foundations of Software Engineering},
 series = {SIGSOFT '06/FSE-14},
 year = {2006},
 pages = {35--45},
}

@inproceedings{EightDollar,
 author = {Le Goues, Claire and Dewey-Vogt, Michael and Forrest, Stephanie and Weimer, Westley},
 title = {A Systematic Study of Automated Program Repair: Fixing 55 out of 105 Bugs for \$8 Each},
 booktitle = {Proceedings of the 34th International Conference on Software Engineering},
 series = {ICSE '12},
 year = {2012},
 pages = {3--13},
}

@INPROCEEDINGS{AE,
	author={Weimer, W. and Fry, Z.P. and Forrest, S.},
	booktitle={Automated Software Engineering (ASE), 2013 IEEE/ACM 28th International Conference on},
	title={Leveraging program equivalence for adaptive program repair: Models and first results},
	year={2013},
	pages={356-366},
}

@inproceedings{Autofix-E,
    title = "Automated fixing of programs with contracts",
    author = "Yi Wei and Yu Pei and Carlo A. Furia and Lucas S. Silva and Stefan Buchholz and Bertrand Meyer and Andreas
Zeller",
    year = "2010",
    booktitle = "ISSTA 2010",
    pages = "61--72",
}

@inproceedings{Autofix-E2,
 author = {Pei, Yu and Wei, Yi and Furia, Carlo A. and Nordio, Martin and Meyer, Bertrand},
 title = {Code-based Automated Program Fixing},
 booktitle = {Proceedings of the 2011 26th IEEE/ACM International Conference on Automated Software Engineering},
 series = {ASE '11},
 year = {2011},
 pages = {392--395},
 numpages = {4},
}

@inproceedings{HumanStudy,
 author = {Tao, Yida and Kim, Jindae and Kim, Sunghun and Xu, Chang},
 title = {Automatically Generated Patches As Debugging Aids: A Human Study},
 booktitle = {Proceedings of the 22Nd ACM SIGSOFT International Symposium on Foundations of Software Engineering},
 series = {FSE 2014},
 year = {2014},
 pages = {64--74},
}

@INPROCEEDINGS{BugFix,
	author={Jeffrey, D. and Min Feng and Gupta, N. and Gupta, R.},
	booktitle={Program Comprehension, 2009. ICPC '09. IEEE 17th International Conference on},
	title={BugFix: A learning-based tool to assist developers in fixing bugs},
	year={2009},
	month={May},
	pages={70-79},
}

@inproceedings{Essay,
 author = {Monperrus, Martin},
 title = {A Critical Review of "Automatic Patch Generation Learned from Human-written Patches": Essay on the Problem Statement and the Evaluation of Automatic Software Repair},
 booktitle = {Proceedings of the 36th International Conference on Software Engineering},
 series = {ICSE 2014},
 year = {2014},
 pages = {234--242},
}

@inproceedings{SemFix,
 author = {Nguyen, Hoang Duong Thien and Qi, Dawei and Roychoudhury, Abhik and Chandra, Satish},
 title = {SemFix: Program Repair via Semantic Analysis},
 booktitle = {Proceedings of the 2013 International Conference on Software Engineering},
 series = {ICSE '13},
 year = {2013},
 pages = {772--781},
}

@inproceedings{DirectFix,
 author = {Mechtaev, Sergey and Yi, Jooyong and Roychoudhury, Abhik},
 title = {DirectFix: Looking for Simple Program Repairs},
 booktitle = {Proceedings of the 2015 International Conference on Software Engineering},
 series = {ICSE '15},
 year = {2015},
}

@inproceedings{MintHint,
 author = {Kaleeswaran, Shalini and Tulsian, Varun and Kanade, Aditya and Orso, Alessandro},
 title = {MintHint: Automated Synthesis of Repair Hints},
 booktitle = {Proceedings of the 36th International Conference on Software Engineering},
 series = {ICSE 2014},
 year = {2014},
 pages = {266--276},
}

@inproceedings{RSRepair,
 author = {Qi, Yuhua and Mao, Xiaoguang and Lei, Yan and Dai, Ziying and Wang, Chengsong},
 title = {The Strength of Random Search on Automated Program Repair},
 booktitle = {Proceedings of the 36th International Conference on Software Engineering},
 series = {ICSE 2014},
 year = {2014},
 pages = {254--265},
}

@inproceedings{SATRepair,
 author = {Gopinath, Divya and Malik, Muhammad Zubair and Khurshid, Sarfraz},
 title = {Specification-based Program Repair Using SAT},
 booktitle = {Proceedings of the 17th International Conference on Tools and Algorithms for the Construction and Analysis of Systems: Part of the Joint European Conferences on Theory and Practice of Software},
 series = {TACAS'11/ETAPS'11},
 year = {2011},
 pages = {173--188},
}

@ARTICLE{GenProgTSE,
	author={Le Goues, C. and ThanhVu Nguyen and Forrest, S. and Weimer, W.},
	journal={Software Engineering, IEEE Transactions on},
	title={GenProg: A Generic Method for Automatic Software Repair},
	year={2012},
	month={Jan},
	volume={38},
	number={1},
	pages={54-72},
}

@inproceedings{Gao,
 author = {Gao, Qing and Xiong, Yingfei and Mi, Yaqing and Zhang, Lu and Yang, Weikun and Zhou, Zhaoping and Xie, Bing and Mei, Hong},
 title = {Safe Memory-Leak Fixing for C Programs},
 booktitle = {Proceedings of the 2015 International Conference on Software Engineering},
 series = {ICSE '15},
 year = {2015},
}

@inproceedings{demsky2003automatic,
  title={Automatic detection and repair of errors in data structures},
  author={Demsky, Brian and Rinard, Martin},
  booktitle={OOPSLA},
  pages={78--95},
  year={2003},
}

@inproceedings{seo2012predicting,
  title={Predicting recurring crash stacks},
  author={Seo, Hyunmin and Kim, Sunghun},
  booktitle={ASE},
  pages={180--189},
  year={2012},
  organization={ACM}
}
@misc{quickfix,
howpublished = "{https://wiki.eclipse.org/FAQ\_What\_is\_a\_Quick\_Fi\%3F}"
}


@techreport{mittr,
 title={An Analysis of Patch Plausibility and Correctness for Generate-And-Validate Patch Generation Systems},
 author={Qi, Zichao and Long, Fan and Achour, Sara and Rinard, Martin},
 institution={MIT},
 number = {MIT-CSAIL-TR-2015-003},
 year={2015}
}

@inproceedings{just2014efficient,
  title={Efficient mutation analysis by propagating and partitioning infected execution states},
  author={Just, Ren{\'e} and Ernst, Michael D and Fraser, Gordon},
  booktitle={ISSTA},
  pages={315--326},
  year={2014},
  organization={ACM}
}

@inproceedings{kim2012shared,
  title={Shared execution for efficiently testing product lines},
  author={Kim, Chang Hwan Peter and Khurshid, Sarfraz and Batory, Don},
  booktitle={ISSRE},
  pages={221--230},
  year={2012},
  organization={IEEE}
}

@misc{meinicke2014varexj,
  title={VarexJ: A Variability-Aware Interpreter for Java Applications},
  author={Meinicke, Jens},
  school={Master Theiss, University of Magdeburg, Germany},
  year={2014}
}


@inproceedings{ji2009novel,
  title={A Novel Method of Mutation Clustering Based on Domain Analysis.},
  author={Ji, Changbin and Chen, Zhenyu and Xu, Baowen and Zhao, Zhihong},
  booktitle={SEKE},
  pages={422--425},
  year={2009}
}

@inproceedings{schuler2009javalanche,
  title={Javalanche: efficient mutation testing for Java},
  author={Schuler, David and Zeller, Andreas},
  booktitle={ESEC/FSE},
  pages={297--298},
  year={2009},
}

@inproceedings{just2011major,
  title={MAJOR: An efficient and extensible tool for mutation analysis in a Java compiler},
  author={Just, Rene and Schweiggert, Franz and Kapfhammer, Gregory M},
  booktitle={ASE},
  pages={612--615},
  year={2011},
}

@inproceedings{KvEPARO:FOSD12,
	author={Christian K{\"a}stner and Alexander von Rhein and Sebastian Erdweg and Jonas Pusch and Sven Apel and Tillmann Rendel and Klaus Ostermann},
	pages={1--8},
	year={2012},
	booktitle={FOSD},
	title={Toward Variability-Aware Testing},
}

@inproceedings{qi2012making,
  title={Making automatic repair for large-scale programs more efficient using weak recompilation},
  author={Qi, Yuhua and Mao, Xiaoguang and Lei, Yan},
  booktitle={ICSM},
  pages={254--263},
  year={2012},
  organization={IEEE}
}

@inproceedings{qi2013efficient,
  title={Efficient automated program repair through fault-recorded testing prioritization},
  author={Qi, Yuhua and Mao, Xiaoguang and Lei, Yan},
  booktitle={ICSM},
  pages={180--189},
  year={2013},
  organization={IEEE}
}


@inproceedings{conners1999compiler,
  title={Compiler-directed dynamic computation reuse: rationale and initial results},
  author={Conners, DA and Hwu, Wen-mei W},
  booktitle={MICRO},
  pages={158--169},
  year={1999},
}

@inproceedings{acar2009self,
  title={Self-adjusting computation:(an overview)},
  author={Acar, Umut A},
  booktitle={PEPM},
  pages={1--6},
  year={2009},
}

@inproceedings{hammer2009ceal,
  title={CEAL: a C-based language for self-adjusting computation},
  author={Hammer, Matthew A and Acar, Umut A and Chen, Yan},
  booktitle={PLDI},
  pages={25--37},
  year={2009},
  organization={ACM}
}

@book{architecturebook,
  title={Computer systems: a programmer's perspective},
  author={Bryant, Randal E and David Richard, O'Hallaron and David Richard, O'Hallaron},
  year={2003},
  publisher={Prentice Hall Upper Saddle River}
}

@inproceedings{TypeChef,
 author = {K\"{a}stner, Christian and Giarrusso, Paolo G. and Rendel, Tillmann and Erdweg, Sebastian and Ostermann, Klaus and Berger, Thorsten},
 title = {Variability-aware Parsing in the Presence of Lexical Macros and Conditional Compilation},
 booktitle = {OOPSLA},
 year = {2011},
 pages = {805--824},
} 

@inproceedings{SuperC,
 author = {Gazzillo, Paul and Grimm, Robert},
 title = {SuperC: Parsing All of C by Taming the Preprocessor},
 booktitle = {PLDI},
 year = {2012},
 pages = {323--334},
} 